@misc{io_uring,
  author = {Jens Axboe},
  title = {Efficient {IO} with io\_uring},
  year = {2019},
  howpublished = {\url{https://kernel.dk/io_uring.pdf}},
}

@misc{DPDK:wp_20,
  author =        {{Linux Foundation}},
  title =         {Myth-busting {DPDK} in 2020},
  year =          {2020},
  howpublished =  {\url{https://www.dpdk.org/about/news/}},
}

@misc{seL4bench_23,
  author =        {{seL4 Foundation}},
  title =         {Performance},
  year =          {2023},
  howpublished =  {\url{https://sel4.systems/About/Performance/home.pml}},
}

@techreport{Dunkels_01,
  author =        {Adam Dunkels},
  institution =   {SICS},
  month =         feb,
  note =          {\url{http://www.sics.se/~adam/thesis.pdf}},
  number =        {T2001-20},
  pages =         {81},
  title =         {Minimal {TCP}/{IP} implementation with proxy support},
  year =          {2001},
}

@InProceedings{Emmerich_PBHZC_19,
  author =   {Paul Emmerich and Maximilian Pudelko and Simon Bauer
                  and Stefan Huber and Thomas Zwickl and Georg Carle},
  title =    {User Space Network Drivers},
  year =     2018,
  booktitle = {Proceedings of the Applied Networking Research Workshop},
  pages = {91–93},
  numpages = {3},
  location = {Montreal, QC, Canada},
  annotate =    {DPDK, Intel 82599 10Gbps NIC (like ixgbe)}}

@InProceedings{Ganapathy_RBSJ_08,
  author =   {Vinod Ganapathy and Matthew J. Renzelmann and Arini Balakrishnan and
              Michael M. Swift and Somesh Jha},
  title =    {The design and implementation of microdrivers},
  booktitle =  {{Proceedings of the Thirteenth International Conference on
Architectural Support for Programming Languages and Operating Systems (ASPLOS XIII)}},
  pages =        {168--178},
  year =  2008,
  address =  {Seattle, WA, US},
  month =    mar,
}

@InProceedings{Haecki_HACSR_19,
  author =   {Roni Haecki and Lukas Humbel and Reto Achermann and David Cock and Daniel Schwyn and Timothy Roscoe},
  title =    {{CleanQ}: a lightweight, uniform, formally specified interface for intra-machine data transfer},
  booktitle={ArXiv},
  year={2019},
  volume={{abs/1911.08773}},
  url          = {http://arxiv.org/abs/1911.08773},
  doi =  {10.48550/arXiv.1911.08773},
}

@InProceedings{Heiser_PCVL_22,
  address =       {Yokohama, JP},
  author =        {Gernot Heiser and Lucy Parker and Peter Chubb and
                   Ivan Velickovic and Ben Leslie},
  booktitle =     {IEEE World Forum on Internet of Things},
  month =         nov,
  title =         {Can We Put the {"S"} Into {IoT}?},
  year =          {2022},
  url = {https://trustworthy.systems/publications/papers/Heiser_PCVL_22.pdf},
}


@InProceedings{Huang_NDHTJB_22,
  author =   {Yongzhe Huang and Vikram Narayanan and David
                  Detweiler and Kaiming Huang and Gang Tan and Trent
                  Jaeger and Anton Burtsev},
  title =    {{KSplit}: Automating Device Driver Isolation},
  year =     2022,
  booktitle = {Proceedings of the
    16th USENIX Symposium on Operating Systems
    Design and Implementation},
  month =    jul,
  pages =    19,
}

@InProceedings{Ispoglou_AJP_18,
  address =       {Toronto, ON, Canada},
  author =        {Kyriakos K. Ispoglou and
                    Bader AlBassam and
                    Trent Jaeger and Mathias Payer},
  booktitle =     {ACM Conference on Computer and Communications Security},
  month =         oct,
  title =         {Block oriented programming: Automating data-only attacks},
  year =          {2018},
  pages =         {1868-1882}
}

@article{Klein_AEMSKH_14,
  author =        {Klein, Gerwin and Andronick, June and
                   Elphinstone, Kevin and Murray, Toby and
                   Sewell, Thomas and Kolanski, Rafal and
                   Heiser, Gernot},
  journal =       {ACM Transactions on Computer Systems},
  month =         feb,
  number =        {1},
  pages =         {2:1-2:70},
  title =         {Comprehensive Formal Verification of an {OS}
                   Microkernel},
  volume =        {32},
  year =          {2014},
  doi =           {10.1145/2560537},
  url = {https://trustworthy.systems/publications/nicta_full_text/7371.pdf},
}

@inproceedings {Kuznetsov_SPCSS_14,
  author = {Volodymyr Kuznetsov and Laszlo Szekeres and Mathias Payer and George Candea and R. Sekar and Dawn Song},
  title = {{Code-Pointer} Integrity},
  booktitle = {11th USENIX Symposium on Operating Systems Design and Implementation (OSDI 14)},
  year = {2014},
  isbn = { 978-1-931971-16-4},
  address = {Broomfield, CO, USA},
  pages = {147--163},
  url = {https://www.usenix.org/conference/osdi14/technical-sessions/presentation/kuznetsov},
  publisher = {USENIX Association},
  month = oct,
}

@InProceedings{Lefeuvre_BJTRHRO_22,
  author =   {Hugo Lefeuvre and Vlad-Andrei Bădoiu and Alexander
                  Jung and Stefan Lucian Teodorescu and Sebastian
                  Rauch and Felipe Huici abd Costin Raiciu and Pierre Olivier},
  title =    {{FlexOS}: Towards Flexible {OS} Isolation},
  year =     2022,
  booktitle = {Proceedings of the 27th ACM International Conference on 
    Architectural Support for Programming Languages and Operating Systems},
  publisher = acm,
  address =  {Lausanne, CH},
  month =    feb,
  pages =    16,
  doi =   {10.1145/3503222.3507759},
}

@article{Leslie_CFGGMPSEH_05,
  author = {Ben Leslie and Peter Chubb and Nicholas FitzRoy-Dale and Stefan G\"{o}tz and Charles Gray and Luke
              Macpherson and Daniel Potts and Yueting (Rita) Shen and Kevin Elphinstone and Gernot Heiser},
  format = {pdf},
  journal = {Journal of Computer Science and Technology},
  month = sep,
  number = 5,
  pages = {654--664},
  paperUrl = {https://trustworthy.systems/publications/papers/Leslie_CFGGMPSEH_05.pdf},
  title = {User-level Device Drivers: Achieved Performance},
  volume = 20,
  year = 2005
}

@misc{Linux:CVEs,
  author =        {{MITRE Corporation}},
  key =           {MITRE},
  note =          {Accessed: 2023-03-20},
  title =         {Linux $\gg$ Linux Kernel: Security Vulnerabilities},
  year =          {2023},
  howpublished =
  {\url{https://www.cvedetails.com/product/47/Linux-Linux-Kernel.html?vendor_id=33}},
}

@misc{Linux:LKDDB,
  title = {{Linux Kernel Driver DataBase.}},
  author = {{LKDDb}},
  howpublished = {\url{https://cateee.net/lkddb/}},
  note = {Accessed: 2023-03-20}, 
  year = {2023},
}

@misc{Linux:archives,
  title = {{The Linux Kernel Archives}},
  author = {{Linux Kernel Organization, Inc.}},
  note = {Accessed: 2023-04-12},
  year = {2023},
  howpublished = {\url{https://www.kernel.org/}}
}

@misc{Linux:socket,
  title = {{socket(2)}},
  author = {{Linux manual page}},
  howpublished = {\url{https://man7.org/linux/man-pages/man2/socket.2.html}},
  note = {Accessed: 2023-04-04},
  year = {2023},
}

@InProceedings{Markuze_SMT_19,
  author =   {Alex Markuze and Igor Smolyar and Adam Morrison and Dan Tsafrir},
  title =    {{DAMN}: Overhead-Free {IOMMU} Protection for Networking},
  year =     2019,
  booktitle = asplos,
  month =    mar,
  pages =    {301--315},
  doi =   {10.1145/3173162.3173175}}

@InProceedings{Marty_dKAABCDDEGKKKMMORRSTVWV_19,
  author =   {Michael Marty and Marc de Kruijf and Jacob Adriaens
                  and Christopher Alfeld and Sean Bauer and Carlo
                  Contavalli and Michael Dalton and Nandita Dukkipati
                  and William C. Evans and Steve Gribble and Nicholas
                  Kidd and Roman Kononov and Gautam Kumar and Carl
                  Mauer and Emily Musick and Lena Olson and Erik Rubow
                  and Michael Ryan and Kevin Springborn and Paul
                  Turner and Valas Valancius and Xi Wang and Amin
                  Vahdat},
  title =    {Snap: a Microkernel Approach to Host Networking},
  year =     2019,
  booktitle = {Proceedings of the 27th ACM Symposium on Operating Systems Principles},
  publisher = acm,
  address =  {Huntington, Ont, CA},
  month =    oct,
  pages =    {399--413},
  doi =   {10.1145/3341301.3359657},
}

@InProceedings{Mi_LYWC_19,
  author = 	 {Zeyu Mi and Dingji Li and Zihan Yang and Xinran Wang and Haibo Chen},
  title = 	 {{SkyBridge}: Fast and Secure Inter-Process Communication for Microkernels},
  year = 	 2019,
  booktitle = {Proceedings of the 14th EuroSys Conference},
  month = 	 mar,
  address =	 {Dresden, DE},
  numpages = 	 15,
  publisher =	 acm,
  keywords =  {sel4 fiasco zircon},
  annote = 	 {Shows seL4 trashes Fiasco (2x) and Zircon (10x); seL4 is
                  close to the HW limit: entry+2*stackswitch+exit=209,
                  PT-switch=186, total 395, seL4=493 (x86)}
}

@InProceedings{Narayanan_BJSBQ_19,
   author = {Vikram Narayanan and Abhiram Balasubramanian and 
            Charlie Jacobsen and Sarah Spall and Scott Bauer
            and Michael Quigley},
   title = {{LXDs}: Towards Isolation of Kernel Subsystems},
   year = 2019,
   booktitle = {{USENIX Annual Technical Conference}},
   month = jul,
}

@InProceedings{Narayanan_HTJB_20,
  author =   {Vikram Narayanan and Yongzhe Huang and Gang Tan and
                  Trent Jaeger and Anton Burtsev},
  title =    {Lightweight Kernel Isolation with Virtualization and {VM} Functions},
  year =     2020,
  booktitle = {ACM SIGPLAN/SIGOPS International Conference on Virtual Execution Environments},
  publisher = {ACM},
  month =    mar,
  doi =   {10.1145/3381052.3381328}}

@misc{Parker_22:sddf,
  author =        {Lucy Parker},
  howpublished =  {Talk at the seL4 Summit},
  month =         oct,
  title =         {The {seL4} {Device Driver Framework (sDDF)}},
  year =          {2022},
  url =
  {https://sel4.systems/Foundation/Summit/abstracts2022#a-sDDF},
}

@inproceedings{Ren_RCVSY_19,
  address =       {Huntsville, Ont, CA},
  author =        {Xiang (Jenny) Ren and Kirk Rodrigues and Luyuan Chen and
                   Camilo Vega and Michael Stumm and Ding Yuan},
  booktitle =     {ACM Symposium on Operating Systems Principles},
  month =         oct,
  numpages =      {16},
  publisher =     {ACM},
  title =         {An Analysis of Performance Evolution of {Linux's}
                   Core Operations},
  year =          {2019},
  doi =           {10.1145/3341301.3359640},
}

@inproceedings{Rizzo_12,
  author =        {Luigi Rizzo},
  booktitle =     {USENIX Security Symposium},
  pages =         {101-112},
  title =         {netmap: a novel framework for fast packet {I/O}},
  year =          {2012},
}

@inproceedings{Ryzhyk_CKH_09,
  address =       {Nuremberg, DE},
  author =        {Ryzhyk, Leonid and Chubb, Peter and Kuz, Ihor and
                   Heiser, Gernot},
  booktitle =     {EuroSys Conference},
  month =         apr,
  pages =         {275--288},
  title =         {Dingo: Taming Device Drivers},
  year =          {2009},
  url =  {https://trustworthy.systems/publications/nicta_full_text/1527.pdf},
}

@InProceedings{Swift_MLE_02,
  author =   {Michael M. Swift and Steven Marting and Henry
                  M. Levy and Susan G. Eggers},
  title =    {Nooks: An Architecture for Reliable Device Drivers},
  pages =    {101--107},
  booktitle = {Proceedings of the 10th Workshop on ACM SIGOPS European Workshop},
  year =  2002,
  address =  {St Emilion, FR},
  month =    sep,
}

@misc{UIO,
  author =  {Hans-Jürgen Koch},
  note = {Accessed: 2023-03-22},
  title = {The Userspace {I/O} How To},
  year = {2006},
  howpublished = {\url{https://www.kernel.org/doc/html/v4.12/driver-api/uio-howto.html}},
}

@misc{VFIO,
  author = {{The Kernel Development Community}}, 
  note = {Accessed: 2023-03-22},
  title = {{VFIO "Virtual Function I/O"}},
  year = {2006},
  howpublished = {\url{https://www.kernel.org/doc/html/next/driver-api/vfio.html}},
}

@InProceedings{Wang_BFOOLCHC_22,
  author =   {Jiawei Wang and Diogo Behrens and Ming Fu and Lilith
                  Oberhauser and Jonas Oberhauser and Jitang Lei and
                  Geng Chen and Hermann H{\"a}rtig and Haibo Chen},
  title =    {{BBQ}: A Block-based Bounded Queue for Exchanging Data and Profiling},
  year =     2022,
  booktitle = {2022 USENIX Annual Technical Conference (USENIX ATC 22)},
  month =    jul,
  numpages =    14,
}

@inproceedings{Wienand_Macpherson_04,
  address =       {Melbourne, Australia},
  author =        {Ian Wienand and Luke Macpherson},
  booktitle =     {Conference for Unix, Linux and Open Source
                   Professionals (AUUG)},
  month =         sep,
  pages =         {163--170},
  title =         {ipbench: A Framework for Distributed Network
                   Benchmarking},
  year =          {2004},
  url =
  {https://trustworthy.systems/publications/papers/Wienand_Macpherson_04.pdf},
}